<record><leader>00000cas a2200000 a 4500</leader><controlfield tag="001">32636614</controlfield><controlfield tag="007">hd bfu---baat</controlfield><controlfield tag="007">hd afu---bact</controlfield><controlfield tag="008">950613d18781892nbudr nea     0    0eng d</controlfield><datafield ind1=" " ind2=" " tag="010"><subfield code="a">sn 95069678 </subfield></datafield><datafield ind1=" " ind2=" " tag="040"><subfield code="a">NVG</subfield><subfield code="b">eng</subfield><subfield code="c">NVG</subfield><subfield code="d">OCL</subfield><subfield code="d">OCLCQ</subfield></datafield><datafield ind1=" " ind2=" " tag="042"><subfield code="a">msc</subfield></datafield><datafield ind1=" " ind2=" " tag="043"><subfield code="a">n-us-nb</subfield></datafield><datafield ind1="0" ind2="4" tag="245"><subfield code="a">The daily Nebraska state journal.</subfield></datafield><datafield ind1="1" ind2="3" tag="246"><subfield code="a">Daily state journal</subfield><subfield code="f">May 3, 1878-July 31, 1886</subfield></datafield><datafield ind1="1" ind2="3" tag="246"><subfield code="a">Daily journal</subfield><subfield code="f">Aug. 1, 1886-Dec. 4, 1892</subfield></datafield><datafield ind1=" " ind2=" " tag="260"><subfield code="a">Lincoln, Neb. :</subfield><subfield code="b">[State Journal Co.],</subfield><subfield code="c">1878-1892.</subfield></datafield><datafield ind1=" " ind2=" " tag="300"><subfield code="a">16 volumes</subfield></datafield><datafield ind1=" " ind2=" " tag="310"><subfield code="a">Daily,</subfield><subfield code="b">Nov. 28, 1887-1892</subfield></datafield><datafield ind1=" " ind2=" " tag="321"><subfield code="a">Daily (except Mon.),</subfield><subfield code="b">1878-Nov. 27, 1887</subfield></datafield><datafield ind1=" " ind2=" " tag="336"><subfield code="a">text</subfield><subfield code="b">txt</subfield><subfield code="2">rdacontent</subfield></datafield><datafield ind1=" " ind2=" " tag="337"><subfield code="a">microform</subfield><subfield code="b">h</subfield><subfield code="2">rdamedia</subfield></datafield><datafield ind1=" " ind2=" " tag="338"><subfield code="a">microfilm reel</subfield><subfield code="b">hd</subfield><subfield code="2">rdacarrier</subfield></datafield><datafield ind1="0" ind2=" " tag="362"><subfield code="a">8th year, no. 240 (May 3, 1878)-23rd year, no. 105 (Dec. 4, 1892).</subfield></datafield><datafield ind1=" " ind2=" " tag="580"><subfield code="a">Weekly eds.: Nebraska state journal (Lincoln, Neb.), 1878; Weekly Nebraska state journal, 1878-1891.</subfield></datafield><datafield ind1=" " ind2=" " tag="580"><subfield code="a">Semiweekly ed.: Semi-weekly Nebraska state journal, 1891-1892.</subfield></datafield><datafield ind1=" " ind2=" " tag="533"><subfield code="a">Microfilm.</subfield><subfield code="m">1878-1892:[Lacks Sept. 9-13,1879]</subfield><subfield code="b">[Lincoln, Neb. :</subfield><subfield code="c">Nebraska State Historical Society].</subfield><subfield code="e">43 microfilm reels ; 35 mm.</subfield></datafield><datafield ind1=" " ind2=" " tag="752"><subfield code="a">United States</subfield><subfield code="b">Nebraska</subfield><subfield code="c">Lancaster</subfield><subfield code="d">Lincoln.</subfield></datafield><datafield ind1="1" ind2=" " tag="775"><subfield code="t">Nebraska state journal (Lincoln, Neb.)</subfield><subfield code="w">(DLC)sn 95069503</subfield></datafield><datafield ind1="1" ind2=" " tag="775"><subfield code="t">Weekly Nebraska state journal</subfield><subfield code="w">(DLC)sn 95069504</subfield></datafield><datafield ind1="1" ind2=" " tag="775"><subfield code="t">Semi-weekly Nebraska state journal</subfield><subfield code="w">(DLC)sn 95069505</subfield></datafield><datafield ind1="1" ind2=" " tag="776"><subfield code="c">Original</subfield><subfield code="w">(DLC)sn 84020257</subfield></datafield><datafield ind1="0" ind2="0" tag="780"><subfield code="t">Daily state journal (Lincoln, Neb.)</subfield><subfield code="w">(DLC)sn 95069677</subfield></datafield><datafield ind1="0" ind2="0" tag="785"><subfield code="t">Nebraska state journal</subfield><subfield code="w">(DLC)sn 95069679</subfield></datafield><datafield ind1="1" ind2=" " tag="029"><subfield code="a">AU@</subfield><subfield code="b">000011785687</subfield></datafield></record>